@article{wiles1995modular,
  title={Modular elliptic curves and Fermat's last theorem},
  author={Wiles, Andrew},
  journal={Annals of mathematics},
  volume={141},
  number={3},
  pages={443--551},
  year={1995},
  publisher={JSTOR}
}

@book{einstein2015relativity,
  title={Relativity: The special and the general theory},
  author={Einstein, Albert},
  year={2015},
  publisher={Princeton University Press}
}

@misc{tesla1914apparatus,
  title={Apparatus for transmitting electrical energy.},
  author={Tesla, Nikola},
  year={1914},
  month=dec # "~1",
  publisher={Google Patents},
  note={US Patent 1,119,732}
}

@article{feynman1948space,
  title={Space-time approach to non-relativistic quantum mechanics},
  author={Feynman, Richard Phillips},
  journal={Reviews of Modern Physics},
  volume={20},
  number={2},
  pages={367},
  year={1948},
  publisher={APS}
}